%% LaTeX2e file `paper.bib'
%% generated by the `filecontents' environment
%% from source `paper' on 2024/04/26.
%%
%-------------------------------------------------------------------------------
@Book{arpachiDusseau18:osbook,
  author =       {Arpaci-Dusseau, Remzi H. and Arpaci-Dusseau Andrea C.},
  title =        {Operating Systems: Three Easy Pieces},
  publisher =    {Arpaci-Dusseau Books, LLC},
  year =         2015,
  edition =      {1.00},
  doi =  {10.5070/SR31154815},}
@InProceedings{waldspurger02,
  author =       {Waldspurger, Carl A.},
  title =   {Memory resource management in {VMware ESX} server},
  booktitle =    {USENIX Symposium on Operating System Design and Implementation (OSDI)},
  year =    2002,
  pages =        {181--194},
  url = {https://www.usenix.org/legacy/event/osdi02/tech/waldspurger/waldspurger.pdf}}
